<record><leader>00000cas a22000007a 4500</leader><controlfield tag="001">13959240</controlfield><controlfield tag="008">860728d18911903txudn ne      0    0eng d</controlfield><datafield ind1=" " ind2=" " tag="010"><subfield code="a">sn 86088084 </subfield></datafield><datafield ind1=" " ind2=" " tag="040"><subfield code="a">PPM</subfield><subfield code="b">eng</subfield><subfield code="c">PPM</subfield><subfield code="d">OCLCQ</subfield></datafield><datafield ind1=" " ind2=" " tag="042"><subfield code="a">msc</subfield></datafield><datafield ind1="0" ind2=" " tag="130"><subfield code="a">Austin evening news (Austin, Tex. : 1891)</subfield></datafield><datafield ind1="1" ind2="0" tag="245"><subfield code="a">Austin evening news.</subfield></datafield><datafield ind1=" " ind2=" " tag="260"><subfield code="a">Austin, Tex. :</subfield><subfield code="b">News Pub. Co.</subfield></datafield><datafield ind1=" " ind2=" " tag="300"><subfield code="a">v. ;</subfield><subfield code="c">56 cm.</subfield></datafield><datafield ind1=" " ind2=" " tag="310"><subfield code="a">Daily (except Sun.)</subfield></datafield><datafield ind1="0" ind2=" " tag="362"><subfield code="a">Vol. 1, no. 1 (July 11, 1891)-v. 13 (Sept. 8, 1903).</subfield></datafield><datafield ind1=" " ind2=" " tag="500"><subfield code="a">"Full Associated Press report."</subfield></datafield><datafield ind1=" " ind2=" " tag="752"><subfield code="a">United States</subfield><subfield code="b">Texas</subfield><subfield code="c">Travis</subfield><subfield code="d">Austin.</subfield></datafield><datafield ind1="0" ind2="0" tag="780"><subfield code="t">Evening news (Austin, Tex. : 1883)</subfield><subfield code="w">(DLC)sn 86088305</subfield></datafield><datafield ind1="0" ind2="0" tag="785"><subfield code="t">Austin tibune and news</subfield><subfield code="w">(DLC)sn 86088182</subfield></datafield></record>